
@misc{noauthor_covering_nodate,
	title = {Covering a {Broad} {Dynamic} {Range}: {Information} {Processing} at the {Erythropoietin} {Receptor} {\textbar} {Science}},
	url = {http://science.sciencemag.org/content/328/5984/1404.full},
	urldate = {2017-04-13},
	file = {1404.full.pdf:C\:\\Users\\GTOBAN\\AppData\\Roaming\\Zotero\\Zotero\\Profiles\\qa2rq765.default\\zotero\\storage\\C7JHVNM8\\1404.full.pdf:application/pdf;Becker.SOM.pdf:C\:\\Users\\GTOBAN\\AppData\\Roaming\\Zotero\\Zotero\\Profiles\\qa2rq765.default\\zotero\\storage\\RK9IAHWF\\Becker.SOM.pdf:application/pdf;Covering a Broad Dynamic Range\: Information Processing at the Erythropoietin Receptor | Science:C\:\\Users\\GTOBAN\\AppData\\Roaming\\Zotero\\Zotero\\Profiles\\qa2rq765.default\\zotero\\storage\\682I4SCZ\\1404.html:text/html}
}