
@article{bach,
	title = {Predictive mathematical models of cancer signalling pathways},
	volume = {271},
	issn = {1365-2796},
	url = {http://onlinelibrary.wiley.com/doi/10.1111/j.1365-2796.2011.02492.x/abstract},
	doi = {10.1111/j.1365-2796.2011.02492.x},
	abstract = {Abstract.  Bachmann J, Raue A, Schilling M, Becker V, Timmer J, Klingmüller U (German Cancer Research Center, Heidelberg; BIOSS Centre for Biological Signalling Studies, Freiburg; and University of Freiburg, Freiburg; Germany). Predictive mathematical models of cancer signalling pathways (Key Symposium). J Intern Med 2012; 271:155–165. Complex intracellular signalling networks integrate extracellular signals and convert them into cellular responses. In cancer cells, the tightly regulated and fine-tuned dynamics of information processing in signalling networks is altered, leading to uncontrolled cell proliferation, survival and migration. Systems biology combines mathematical modelling with comprehensive, quantitative, time-resolved data and is most advanced in addressing dynamic properties of intracellular signalling networks. Here, we introduce different modelling approaches and their application to medical systems biology, focusing on the identifiability of parameters in ordinary differential equation models and their importance in network modelling to predict cellular decisions. Two related examples are given, which include processing of ligand-encoded information and dual feedback regulation in erythropoietin (Epo) receptor signalling. Finally, we review the current understanding of how systems biology could foster the development of new treatment strategies in the context of lung cancer and anaemia.},
	language = {en},
	number = {2},
	urldate = {2017-04-30},
	journal = {Journal of Internal Medicine},
	author = {Bachmann, J. and Raue, A. and Schilling, M. and Becker, V. and Timmer, J. and Klingmüller, U.},
	month = feb,
	year = {2012},
	keywords = {cancer, cell biology, cytokines, hematology, lung cancer},
	pages = {155--165},
	file = {Full Text PDF:C\:\\Users\\GTOBAN\\AppData\\Roaming\\Zotero\\Zotero\\Profiles\\qa2rq765.default\\zotero\\storage\\BIZVBE2K\\Bachmann et al. - 2012 - Predictive mathematical models of cancer signallin.pdf:application/pdf;Snapshot:C\:\\Users\\GTOBAN\\AppData\\Roaming\\Zotero\\Zotero\\Profiles\\qa2rq765.default\\zotero\\storage\\PDWTAHZP\\abstract.html:text/html}
}

@article{beck,
	title = {Covering a {Broad} {Dynamic} {Range}: {Information} {Processing} at the {Erythropoietin} {Receptor}},
	volume = {328},
	copyright = {Copyright © 2010, American Association for the Advancement of Science},
	issn = {0036-8075, 1095-9203},
	shorttitle = {Covering a {Broad} {Dynamic} {Range}},
	url = {http://science.sciencemag.org/content/328/5984/1404},
	doi = {10.1126/science.1184913},
	abstract = {Modeling and experiments help to explain responsiveness of red blood cell precursors to very large changes in a proliferative signal.
Modeling and experiments help to explain responsiveness of red blood cell precursors to very large changes in a proliferative signal.},
	language = {en},
	number = {5984},
	urldate = {2017-04-13},
	journal = {Science},
	author = {Becker, Verena and Schilling, Marcel and Bachmann, Julie and Baumann, Ute and Raue, Andreas and Maiwald, Thomas and Timmer, Jens and Klingmüller, Ursula},
	month = jun,
	year = {2010},
	pmid = {20488988},
	pages = {1404--1408},
	file = {Snapshot:C\:\\Users\\GTOBAN\\AppData\\Roaming\\Zotero\\Zotero\\Profiles\\qa2rq765.default\\zotero\\storage\\XT6BXU37\\1404.html:text/html}
}

@article{pott,
	title = {Dynamical modeling and multi-experiment fitting with {PottersWheel}},
	volume = {24},
	issn = {1367-4803},
	url = {https://academic.oup.com/bioinformatics/article/24/18/2037/190500/Dynamical-modeling-and-multi-experiment-fitting},
	doi = {10.1093/bioinformatics/btn350},
	number = {18},
	urldate = {2017-04-30},
	journal = {Bioinformatics},
	author = {Maiwald, Thomas and Timmer, Jens},
	month = sep,
	year = {2008},
	pages = {2037--2043},
	file = {Full Text PDF:C\:\\Users\\GTOBAN\\AppData\\Roaming\\Zotero\\Zotero\\Profiles\\qa2rq765.default\\zotero\\storage\\N7HTPXUZ\\Maiwald and Timmer - 2008 - Dynamical modeling and multi-experiment fitting wi.pdf:application/pdf;Snapshot:C\:\\Users\\GTOBAN\\AppData\\Roaming\\Zotero\\Zotero\\Profiles\\qa2rq765.default\\zotero\\storage\\9N9S4EFP\\Dynamical-modeling-and-multi-experiment-fitting.html:text/html}
}

@misc{emcee,
	title = {emcee — emcee 2.2.1 documentation},
	url = {http://dan.iel.fm/emcee/current/},
	urldate = {2017-04-30},
	file = {emcee — emcee 2.2.1 documentation:C\:\\Users\\GTOBAN\\AppData\\Roaming\\Zotero\\Zotero\\Profiles\\qa2rq765.default\\zotero\\storage\\8JI3EFKI\\current.html:text/html}
}

@misc{epo,
	title = {What {Is} {Erythropoietin} ({EPO})? {Test}, {Definition}, {Side} {Effects}},
	url = {http://www.medicinenet.com/erythropoietin/article.htm},
	urldate = {2017-04-30},
	file = {What Is Erythropoietin (EPO)? Test, Definition, Side Effects:C\:\\Users\\GTOBAN\\AppData\\Roaming\\Zotero\\Zotero\\Profiles\\qa2rq765.default\\zotero\\storage\\4G784GMU\\article.html:text/html}
}


@article{good,
	title = {Ensemble samplers with affine invariance},
	volume = {5},
	issn = {2157-5452},
	url = {http://msp.org/camcos/2010/5-1/p04.xhtml},
	doi = {10.2140/camcos.2010.5.65},
	number = {1},
	urldate = {2017-05-01},
	journal = {Communications in Applied Mathematics and Computational Science},
	author = {Goodman, Jonathan and Weare, Jonathan},
	month = jan,
	year = {2010},
	pages = {65--80},
	file = {Full Text PDF:C\:\\Users\\GTOBAN\\AppData\\Roaming\\Zotero\\Zotero\\Profiles\\qa2rq765.default\\zotero\\storage\\II746J7K\\Goodman and Weare - 2010 - Ensemble samplers with affine invariance.pdf:application/pdf;Snapshot:C\:\\Users\\GTOBAN\\AppData\\Roaming\\Zotero\\Zotero\\Profiles\\qa2rq765.default\\zotero\\storage\\HMSXF6KP\\p04.html:application/xhtml+xml}
}