
@article{good,
	title = {Ensemble samplers with affine invariance},
	volume = {5},
	issn = {2157-5452},
	url = {http://msp.org/camcos/2010/5-1/p04.xhtml},
	doi = {10.2140/camcos.2010.5.65},
	number = {1},
	urldate = {2017-05-01},
	journal = {Communications in Applied Mathematics and Computational Science},
	author = {Goodman, Jonathan and Weare, Jonathan},
	month = jan,
	year = {2010},
	pages = {65--80},
	file = {Full Text PDF:C\:\\Users\\GTOBAN\\AppData\\Roaming\\Zotero\\Zotero\\Profiles\\qa2rq765.default\\zotero\\storage\\II746J7K\\Goodman and Weare - 2010 - Ensemble samplers with affine invariance.pdf:application/pdf;Snapshot:C\:\\Users\\GTOBAN\\AppData\\Roaming\\Zotero\\Zotero\\Profiles\\qa2rq765.default\\zotero\\storage\\HMSXF6KP\\p04.html:application/xhtml+xml}
}